@book{svensson-lips,
    author = "Tomas Svensson and Christian Krysander",
    title = "Projektmodellen Lips",
    year = "2011",
    publisher = "Studentlitteratur",
    isbn = {978144075259},
}
